@article{james2014standing,
  title={Standing together for reproducibility in large-scale computing: Report on reproducibility@ XSEDE},
  author={James, Doug and Wilkins-Diehr, Nancy and Stodden, Victoria and Colbry, Dirk and Rosales, Carlos and Fahey, Mark and Shi, Justin and Silva, Rafael F and Lee, Kyo and Roskies, Ralph and others},
  journal={arXiv preprint arXiv:1412.5557},
  year={2014}
}
@inproceedings{deelman2004pegasus,
  title={Pegasus: Mapping scientific workflows onto the grid},
  author={Deelman, Ewa and Blythe, James and Gil, Yolanda and Kesselman, Carl and Mehta, Gaurang and Patil, Sonal and Su, Mei-Hui and Vahi, Karan and Livny, Miron},
  booktitle={Grid Computing},
  pages={11--20},
  year={2004},
  organization={Springer}
}
@article{Boettiger:2015:IDR:2723872.2723882,
 author = {Boettiger, Carl},
 title = {An Introduction to Docker for Reproducible Research},
 journal = {SIGOPS Oper. Syst. Rev.},
 issue_date = {January 2015},
 volume = {49},
 number = {1},
 month = jan,
 year = {2015},
 issn = {0163-5980},
 pages = {71--79},
 numpages = {9},
 url = {http://doi.acm.org/10.1145/2723872.2723882},
 doi = {10.1145/2723872.2723882},
 acmid = {2723882},
 publisher = {ACM},
 address = {New York, NY, USA},
} 

@article{aranguren2015enhanced,
  title={Enhanced reproducibility of SADI web service workflows with Galaxy and Docker},
  author={Aranguren, Mikel Ega{\~n}a and Wilkinson, Mark D},
  journal={GigaScience},
  volume={4},
  number={1},
  pages={59},
  year={2015},
  publisher={BioMed Central}
}

@inproceedings{cito2016using,
  title={Using Docker containers to improve reproducibility in software and web engineering research},
  author={Cito, J{\"u}rgen and Ferme, Vincenzo and Gall, Harald C},
  booktitle={International Conference on Web Engineering},
  pages={609--612},
  year={2016},
  organization={Springer}
}

@article{hung2016guidock,
  title={GUIdock: using Docker containers with a common graphics user interface to address the reproducibility of research},
  author={Hung, Ling-Hong and Kristiyanto, Daniel and Lee, Sung Bong and Yeung, Ka Yee},
  journal={PloS one},
  volume={11},
  number={4},
  pages={e0152686},
  year={2016},
  publisher={Public Library of Science}
}
@article{di2015impact,
  title={The impact of Docker containers on the performance of genomic pipelines},
  author={Di Tommaso, Paolo and Palumbo, Emilio and Chatzou, Maria and Prieto, Pablo and Heuer, Michael L and Notredame, Cedric},
  journal={PeerJ},
  volume={3},
  pages={e1273},
  year={2015},
  publisher={PeerJ Inc.}
}
@inproceedings{diaz17adass,
  title =  {Docker-based Implementation for an Astronomical Data Analysis Cloud Service},
  author = {MatÃ­as D\'iaz and Mauricio Araya and Carlos Jauregui and Camilo Valenzuela and Leonardo Pizarro and Maximiliano Osorio
and Mauricio Solar},
  publisher =  {ADASS},
  year =   2018,
  booktitle =  {XXVII Astronomical Data Analysis Software \& Systems},
  location =   {Santiago, Chile},
    note = {[To appear]}
}
@article{stodden2010reproducible,
  title={Reproducible research: Addressing the need for data and code sharing in computational science},
  author={Stodden, Victoria C},
  journal={Computing in science \& engineering},
  volume={12},
  number={5},
  pages={8--12},
  year={2010}
}
@book{stodden2014implementing,
  title={Implementing reproducible research},
  author={Stodden, Victoria and Leisch, Friedrich and Peng, Roger D},
  year={2014},
  publisher={CRC Press}
}
@book{taylor2014workflows,
  title={Workflows for e-Science: scientific workflows for grids},
  author={Taylor, Ian J and Deelman, Ewa and Gannon, Dennis B and Shields, Matthew},
  year={2014},
  publisher={Springer Publishing Company, Incorporated}
}

@inproceedings{craddock2006science,
  title={E-science tools for the genomic scale characterisation of bacterial secreted proteins},
  author={Craddock, Tracy and Lord, Phillip and Harwood, Colin and Wipat, Anil},
  booktitle={All hands meeting},
  pages={788--795},
  year={2006}
}
@article{blankenberg2010galaxy,
  title={Galaxy: a web-based genome analysis tool for experimentalists},
  author={Blankenberg, Daniel and Kuster, Gregory Von and Coraor, Nathaniel and Ananda, Guruprasad and Lazarus, Ross and Mangan, Mary and Nekrutenko, Anton and Taylor, James},
  journal={Current protocols in molecular biology},
  pages={19--10},
  year={2010},
  publisher={Wiley Online Library}
}
@article{giardine2005galaxy,
  title={Galaxy: a platform for interactive large-scale genome analysis},
  author={Giardine, Belinda and Riemer, Cathy and Hardison, Ross C and Burhans, Richard and Elnitski, Laura and Shah, Prachi and Zhang, Yi and Blankenberg, Daniel and Albert, Istvan and Taylor, James and others},
  journal={Genome research},
  volume={15},
  number={10},
  pages={1451--1455},
  year={2005},
  publisher={Cold Spring Harbor Lab}
}

@article{santana2017reproducibility,
  title={Reproducibility of execution environments in computational science using Semantics and Clouds},
  author={Santana-Perez, Idafen and da Silva, Rafael Ferreira and Rynge, Mats and Deelman, Ewa and P{\'e}rez-Hern{\'a}ndez, Mar{\'\i}a S and Corcho, Oscar},
  journal={Future Generation Computer Systems},
  volume={67},
  pages={354--367},
  year={2017},
  publisher={Elsevier}
}
@article{king1995replication,
  title={Replication, replication},
  author={King, Gary},
  journal={PS: Political Science \& Politics},
  volume={28},
  number={3},
  pages={444--452},
  year={1995},
  publisher={Cambridge University Press}
}
@article{gavish2011universal,
  title={A universal identifier for computational results},
  author={Gavish, Matan and Donoho, David},
  journal={Procedia Computer Science},
  volume={4},
  pages={637--647},
  year={2011},
  publisher={Elsevier}
}

@article{mao2014read,
  title={Read-performance optimization for deduplication-based storage systems in the cloud},
  author={Mao, Bo and Jiang, Hong and Wu, Suzhen and Fu, Yinjin and Tian, Lei},
  journal={ACM Transactions on Storage (TOS)},
  volume={10},
  number={2},
  pages={6},
  year={2014},
  publisher={ACM}
}

@article{zhao2014liquid,
  title={Liquid: A scalable deduplication file system for virtual machine images},
  author={Zhao, Xun and Zhang, Yang and Wu, Yongwei and Chen, Kang and Jiang, Jinlei and Li, Keqin},
  journal={IEEE Transactions on Parallel and Distributed Systems},
  volume={25},
  number={5},
  pages={1257--1266},
  year={2014},
  publisher={IEEE}
}
@inproceedings{Araya:2018hxw,
      author         = "Araya, Mauricio and Pizarro, Leonardo and von Brand,
                        Horst",
      title          = "{Packaging and High Availability for Distributed Control
                        Systems}",
      booktitle      = "{Proceedings, 16th International Conference on
                        Accelerator and Large Experimental Physics Control Systems
                        (ICALEPCS 2017): Barcelona, Spain, October 8-13, 2017}",
      year           = "2018",
      url            = "http://inspirehep.net/record/1656380/files/thpha045.pdf",
      pages          = "THPHA045",
      doi            = "10.18429/JACoW-ICALEPCS2017-THPHA045",
      SLACcitation   = "%%CITATION = INSPIRE-1656380;%%"
}